@inproceedings{dean04,
    author = {Dean, Jeffrey and Ghemawat, Sanjay},
    booktitle = {Proceedings of the USENIX Symposium on Operating Systems Design and Implementation (OSDI '04)},
    pages = {137--150},
    title = {{MapReduce}: Simplified Data Processing on Large Clusters},
    year = {2004}
}

@Unpublished{HDFS,
 author = {Dhruba Borthakur},
 title = {{HDFS} Architecture},
 note = {\url{http://hadoop.apache.org/hdfs/docs/current/hdfs_design.pdf}},
}

@misc{HADOOP,
author={{Apache}},
title={{Apache Hadoop}},
note={{http://hadoop.apache.org/}}
}

@inproceedings{zaharia12,
  title={Resilient distributed datasets: A fault-tolerant abstraction for in-memory cluster computing},
  author={Zaharia, Matei and Chowdhury, Mosharaf and Das, Tathagata and Dave, Ankur and Ma, Justin and McCauley, Murphy and Franklin, Michael and Shenker, Scott and Stoica, Ion},
  booktitle={Proceedings of the USENIX Conference on Networked Systems Design and Implementation (NSDI '12)},
  pages={2--2},
  year={2012},
  organization={USENIX Association}
}

@inproceedings{sparks13,
  title={{MLI}: An {API} for distributed machine learning},
  author={Sparks, Evan R and Talwalkar, Ameet and Smith, Virginia and Kottalam, Jey and Pan, Xinghao and Gonzalez, Joseph and Franklin, Michael J and Jordan, Michael I and Kraska, Tim},
  booktitle={Proceedings of the IEEE International Conference on Data Mining (ICDM '13)},
  pages={1187--1192},
  year={2013},
  organization={IEEE}
}

@inproceedings{zaharia10,
  title={{S}park: cluster computing with working sets},
  author={Zaharia, Matei and Chowdhury, Mosharaf and Franklin, Michael J and Shenker, Scott and Stoica, Ion},
  booktitle={Proceedings of the USENIX Conference on Hot Topics in Cloud Computing (HotCloud '10)},
  pages={10},
  year={2010}
}

@inproceedings{shvachko10,
  title={The {Hadoop Distributed File System}},
  author={Shvachko, Konstantin and Kuang, Hairong and Radia, Sanjay and Chansler, Robert},
  booktitle={Proceedings of the IEEE Symposium on Mass Storage Systems and Technologies (MSST '10)},
  pages={1--10},
  year={2010},
  organization={IEEE}
}

@inproceedings{zaharia10ds,
  title={Delay scheduling: a simple technique for achieving locality and fairness in cluster scheduling},
  author={Zaharia, Matei and Borthakur, Dhruba and Sen Sarma, Joydeep and Elmeleegy, Khaled and Shenker, Scott and Stoica, Ion},
  booktitle={Proceedings of the European Conference on Computer Systems (EuroSys '10)},
  pages={265--278},
  year={2010},
  organization={ACM}
}

@article{dewitt08,
  title={{MapReduce}: A major step backwards},
  author={DeWitt, David and Stonebraker, Michael},
  journal={The Database Column},
  volume={1},
  year={2008}
}

@inproceedings{yu08,
  title={{DryadLINQ}: A System for General-Purpose Distributed Data-Parallel Computing Using a High-Level Language.},
  author={Yu, Yuan and Isard, Michael and Fetterly, Dennis and Budiu, Mihai and Erlingsson, {\'U}lfar and Gunda, Pradeep Kumar and Currey, Jon},
  booktitle={Proceedings of the USENIX Symposium on Operating Systems Design and Implementation (OSDI '08)},
  volume={8},
  pages={1--14},
  year={2008}
}


@inproceedings{ghemawat03,
 author = {Ghemawat, Sanjay and Gobioff, Howard and Leung, Shun-Tak},
 title = {The {Google} File System},
 booktitle = {Proceedings of the ACM Symposium on Operating Systems Principles (SOSP '03)},
 series = {SOSP '03},
 year = {2003},
 isbn = {1-58113-757-5},
 location = {Bolton Landing, NY, USA},
 pages = {29--43},
 numpages = {15},
 url = {http://doi.acm.org/10.1145/945445.945450},
 doi = {10.1145/945445.945450},
 acmid = {945450},
 publisher = {ACM},
 address = {New York, NY, USA},
 keywords = {clustered storage, data storage, fault tolerance, scalability},
} 

@inproceedings{armbrust15,
  title={Spark {SQL}: Relational Data Processing in {Spark}},
  author={Armbrust, Michael and Xin, Reynold S and Lian, Cheng and Huai, Yin and Liu, Davies and Bradley, Joseph K and Meng, Xiangrui and Kaftan, Tomer and Franklin, Michael J and Ghodsi, Ali and others},
  booktitle={Proceedings of the ACM SIGMOD International Conference on Management of Data (SIGMOD '15)},
  year={2015},
}

@inproceedings{ikeda11,
  booktitle = {CIDR 2011},
  title = {Provenance for Generalized Map and Reduce Workflows},
  author = {Robert Ikeda and Hyunjung Park and Jennifer Widom},
  publisher = {Stanford InfoLab},
  url = {http://ilpubs.stanford.edu:8090/985/},
}

@inproceedings{logothetis13,
  title={Scalable lineage capture for debugging DISC analytics},
  author={Logothetis, Dionysios and De, Soumyarupa and Yocum, Kenneth},
  booktitle={Proceedings of the 4th annual Symposium on Cloud Computing},
  pages={17},
  year={2013},
  organization={ACM}
}

@inproceedings{wu13,
  title={{SubZero}: A fine-grained lineage system for scientific databases},
  author={Wu, Eugene and Madden, Steve and Stonebraker, Michael},
  booktitle={Data Engineering (ICDE), 2013 IEEE 29th International Conference on},
  pages={865--876},
  year={2013},
  organization={IEEE}
}

@inproceedings{devecsery14,
  title={Eidetic systems},
  author={Devecsery, David and Chow, Michael and Dou, Xianzheng and Flinn, Jason and Chen, Peter M},
  booktitle={Proceedings of the 11th USENIX Symposium on Operating Systems Design and Implementation (OSDI)},
  year={2014}
}

@techreport{widom04,
  number = {2004-40},
  month = {August},
  author = {Jennifer Widom},
  title = {Trio: A System for Integrated Management of Data, Accuracy, and Lineage},
  type = {Technical Report},
  publisher = {Stanford InfoLab},
  year = {2004},
  institution = {Stanford InfoLab},
  journal = {Technical Report},
  keywords = {data accuracy approximation uncertainty lineage},
  url = {http://ilpubs.stanford.edu:8090/658/},
}